%% LaTeX2e file `bachelor-thesis.bib'
%% generated by the `filecontents' environment
%% from source `bachelor-thesis' on 2023/05/06.
%%
@article{ zakrzewski-def-fun-arxiv,
    year        = {2007},
    title       = {Definable functions in the simply typed lambda-calculus},
    author      = {Mateusz Zakrzewski},
    doi         = {10.48550/arXiv.cs/0701022},
    urldate     = {2023.05.05},
    langid      = {english}
}

@article{ original-article,
    author      = {Schwichtenberg, H.},
    title       = {Definierbare Funktionen im λ-Kalkul mit Typen.},
    journal     = {Archiv für mathematische Logik und Grundlagenforschung, No. 17},
    year        = {1976},
    pages       = {113-114},
    url         = {https://epub.ub.uni-muenchen.de/4273/1/10.pdf},
    urldate     = {2023.05.05},
    langid      = {german}
}

@online{ arend,
  title        = {Arend Theorem Prover},
  url          = {https://arend-lang.github.io/documentation/},
}


















@article{ unrestricted-jump-evco,
    author      = {Maxim Buzdalov and Benjamin Doerr and Mikhail Kever},
    title       = {The Unrestricted Black-Box Complexity of Jump Functions},
    journal     = {Evolutionary Computation},
    year        = {2016},
    note        = {Accepted for publication},
    langid      = {english}
}


@inproceedings{ example-english,
    year        = {2015},
    booktitle   = {Proceedings of IEEE Congress on Evolutionary Computation},
    author      = {Maxim Buzdalov and Anatoly Shalyto},
    title       = {Hard Test Generation for Augmenting Path Maximum Flow
                   Algorithms using Genetic Algorithms: Revisited},
    pages       = {2121-2128},
    langid      = {english}
}

@article{ example-russian,
    author      = {Максим Викторович Буздалов},
    title       = {Генерация тестов для олимпиадных задач по программированию
                   с использованием генетических алгоритмов},
    journal     = {Научно-технический вестник {СПбГУ} {ИТМО}},
    number      = {2(72)},
    year        = {2011},
    pages       = {72-77},
    langid      = {russian}
}

@book{ bellman,
    author      = {R. E. Bellman},
    title       = {Dynamic Programming},
    address     = {Princeton, NJ},
    publisher   = {Princeton University Press},
    numpages    = {342},
    pagetotal   = {342},
    year        = {1957},
    langid      = {english}
}
